@book{goodfellow2016,
  author = {Ian Goodfellow and Yoshua Bengio and Aaron Courville},
  title = {Deep learning},
  publisher = {MIT Press},
  year = {2016},
  url = {http://www.deeplearningbook.org},
}
